@article{small,
author = {Freely, I.P.},
title = {A small paper},
journal = {The journal of small papers},
year = 1997,
volume = {-1},
note = {to appear},
}

@article{big,
author = {Jass, Hugh},
title = {A big paper},
journal = {The journal of big papers},
year = 7991,
volume = {MCMXCVII},

}

@misc{decawave_product_brief,
	author={Qorvo},
	year={2017},
	title={{Product Brief: DWM1001-DEV}},
	note={{DecaWave Ltd.}}
}

@misc{arkflow,
	author={{PX4}},
	year={2021},
	title={{Ark Flow}},
	url={https://docs.px4.io/v1.12/en/uavcan/ark_flow.html}
}
